@online{kitData,
  author = {Karlsruhe Institute of Technology},
  title = {Data and Facts},
  year = 2018,
  url = {https://www.kit.edu/kit/english/data.php},
  urldate = {2018-04-28}
}

@online{kitOrganization,
  author = {Karlsruhe Institute of Technology},
  title = {Tasks and Structure},
  year = 2018,
  url = {http://www.kit.edu/kit/english/organization.php},
  urldate = {2018-04-28}
}

@inproceedings{Venkataramani15_DAC,
 author = {Venkataramani, Swagath and Chakradhar, Srimat T. and Roy, Kaushik 
 and Raghunathan, Anand},
 title = {Approximate Computing and the Quest for Computing Efficiency},
 booktitle = {Proceedings of the 52Nd Annual Design Automation Conference},
 series = {DAC '15},
 year = {2015},
 isbn = {978-1-4503-3520-1},
 location = {San Francisco, California},
 pages = {120:1--120:6},
 articleno = {120},
 numpages = {6},
 url = {http://doi.acm.org/10.1145/2744769.2751163},
 doi = {10.1145/2744769.2751163},
 acmid = {2751163},
 publisher = {ACM},
 address = {New York, NY, USA},
} 


@article{xu2018approximate,
  title={Approximate computing: A survey},
  author={Xu, Qiang and Mytkowicz, Todd and Kim, Nam Sung},
  journal={IEEE Design \& Test},
  year={2018},
  publisher={IEEE}
}

@article{henkel2003closing,
  title={Closing the SoC design gap},
  author={Henkel, J{\"o}rg},
  journal={Computer},
  volume={36},
  number={9},
  pages={119--121},
  year={2003},
  publisher={IEEE}
}

@article{henkel2006design,
  title={Design and Architectures for Embedded Systems (ESII)},
  author={Henkel, J{\"o}rg},
  year={2006},
  publisher={University of Karlsruhe}
}