@inproceedings{Venkataramani15_DAC,
 author = {Venkataramani, Swagath and Chakradhar, Srimat T. and Roy, Kaushik 
 and Raghunathan, Anand},
 title = {Approximate Computing and the Quest for Computing Efficiency},
 booktitle = {Proceedings of the 52Nd Annual Design Automation Conference},
 series = {DAC '15},
 year = {2015},
 isbn = {978-1-4503-3520-1},
 location = {San Francisco, California},
 pages = {120:1--120:6},
 articleno = {120},
 numpages = {6},
 url = {http://doi.acm.org/10.1145/2744769.2751163},
 doi = {10.1145/2744769.2751163},
 acmid = {2751163},
 publisher = {ACM},
 address = {New York, NY, USA},
} 


@article{xu2018approximate,
  title={Approximate computing: A survey},
  author={Xu, Qiang and Mytkowicz, Todd and Kim, Nam Sung},
  journal={IEEE Design \& Test},
  year={2018},
  publisher={IEEE}
}

@article{henkel2003closing,
  title={Closing the SoC design gap},
  author={Henkel, J{\"o}rg},
  journal={Computer},
  volume={36},
  number={9},
  pages={119--121},
  year={2003},
  publisher={IEEE}
}

@article{henkel2006design,
  title={Design and Architectures for Embedded Systems (ESII)},
  author={Henkel, J{\"o}rg},
  year={2006},
  publisher={University of Karlsruhe}
}


@inproceedings{venkataramani2012salsa,
  title={SALSA: systematic logic synthesis of approximate circuits},
  author={Venkataramani, Swagath and Sabne, Amit and Kozhikkottu, Vivek and Roy, Kaushik and Raghunathan, Anand},
  booktitle={Proceedings of the 49th Annual Design Automation Conference},
  pages={796--801},
  year={2012},
  organization={ACM}
}

@inproceedings{ranjan2014aslan,
  title={ASLAN: Synthesis of approximate sequential circuits},
  author={Ranjan, Ashish and Raha, Arnab and Venkataramani, Swagath and Roy, Kaushik and Raghunathan, Anand},
  booktitle={Design, Automation and Test in Europe Conference and Exhibition (DATE), 2014},
  pages={1--6},
  year={2014},
  organization={IEEE}
}

@inproceedings{nepal2014abacus,
  title={Abacus: A technique for automated behavioral synthesis of approximate computing circuits},
  author={Nepal, Kumud and Li, Yueting and Bahar, R Iris and Reda, Sherief},
  booktitle={Design, Automation and Test in Europe Conference and Exhibition (DATE), 2014},
  pages={1--6},
  year={2014},
  organization={IEEE}
}

@inproceedings{sidiroglou2011managing,
  title={Managing performance vs. accuracy trade-offs with loop perforation},
  author={Sidiroglou-Douskos, Stelios and Misailovic, Sasa and Hoffmann, Henry and Rinard, Martin},
  booktitle={Proceedings of the 19th ACM SIGSOFT symposium and the 13th European conference on Foundations of software engineering},
  pages={124--134},
  year={2011},
  organization={ACM}
}

@inproceedings{tan2015approximation,
  title={Approximation-aware scheduling on heterogeneous multi-core architectures},
  author={Tan, Cheng and Muthukaruppan, Thannirmalai Somu and Mitra, Tulika and Ju, Lei},
  booktitle={Design Automation Conference (ASP-DAC), 2015 20th Asia and South Pacific},
  pages={618--623},
  year={2015},
  organization={IEEE}
}


@article{esmaeilzadeh2013neural,
  title={Neural acceleration for general-purpose approximate programs},
  author={Esmaeilzadeh, Hadi and Sampson, Adrian and Ceze, Luis and Burger, Doug},
  journal={IEEE Micro},
  volume={33},
  number={3},
  pages={16--27},
  year={2013},
  publisher={IEEE}
}